@book{DowneyF13,
  author    = {Rodney G. Downey and
               Michael R. Fellows},
  title     = {Fundamentals of Parameterized Complexity},
  series    = {Texts in Computer Science},
  publisher = {Springer},
  year      = {2013},
  url       = {http://dx.doi.org/10.1007/978-1-4471-5559-1},
  doi       = {10.1007/978-1-4471-5559-1},
  isbn      = {978-1-4471-5558-4},
  timestamp = {Fri, 06 Dec 2013 14:41:43 +0100},
  biburl    = {http://dblp.uni-trier.de/rec/bib/series/txcs/DowneyF13},
  bibsource = {dblp computer science bibliography, http://dblp.org}
}

@book{CyganFKLMPPS15,
  author    = {Marek Cygan and
               Fedor V. Fomin and
               Lukasz Kowalik and
               Daniel Lokshtanov and
               D{\'{a}}niel Marx and
               Marcin Pilipczuk and
               Michal Pilipczuk and
               Saket Saurabh},
  title     = {Parameterized Algorithms},
  publisher = {Springer},
  year      = {2015},
  url       = {http://dx.doi.org/10.1007/978-3-319-21275-3},
  doi       = {10.1007/978-3-319-21275-3},
  isbn      = {978-3-319-21274-6},
  timestamp = {Tue, 21 Jul 2015 18:38:55 +0200},
  biburl    = {http://dblp.uni-trier.de/rec/bib/books/sp/CyganFKLMPPS15},
  bibsource = {dblp computer science bibliography, http://dblp.org}
}

@ARTICLE {HNkais13,
AUTHOR = "C. Hern{\'a}ndez and G. Navarro",
TITLE = "Compressed Representations for Web and Social Graphs",
JOURNAL = "Knowledge and Information Systems",
PUBLISHER = "Springer",
YEAR = 2014,
VOLUME = 40,
NUMBER = 2,
PAGES = "279--313"
}